@ONLINE{brent,
	title = {An improved monte carlo factorization algorithm},
	month = nov,
	year = {2013},
	url = {http://maths-people.anu.edu.au/~brent/pd/rpb051i.pdf}
}

@ONLINE{kattis,
	title = {Kattis},
	month = nov,
	year = {2013},
	url = {https://kth.kattis.scrool.se/}
}